@STRING{AAECC = "Applicable Algebra in Engineering, Communication and Computing"}
@STRING{Acta = "Acta Informatica"}
@STRING{CAAP = "Colloquium on Trees in Algebra and Programming"}
@STRING{CADE = "International Conference on Automated Deduction"}
@STRING{DiscMath = "Discrete Mathematics"}
@STRING{DiscApplMath = "Discrete Applied Mathematics"}
@STRING{EIK = "Journal of Information Processing and Cybernetics EIK"}
@STRING{ENTCS = "Electronic Notes in Theoretical Computer Science"}
@STRING{EPTCS = "Electronic Proceedings in Theoretical Computer Science"}
@STRING{Fundamenta = "Fundamenta Informaticae"}
@STRING{GCCS = "Graph-Theoretic Concepts in Computer Science"}
@STRING{GRAGRA = "Graph Grammars and Their Application to Computer Science"}
@STRING{InfComp = "Information and Computation"}
@STRING{InfCont = "Information and Control"}
@STRING{InfProcess = "Information Processing Letters"}
@STRING{InfSci = "Information Sciences"}
@STRING{InfSyst = "Information Systems"}
@STRING{IPL = "Information Processing Letters"}
@STRING{JA = "Journal of Algorithms"}
@STRING{JACM = "Journal of the ACM"}
@STRING{JAAECC = "Journal of Applicable Algebra in Engineering, Communication, and Computing"}
@STRING{JCSS = "Journal of Computer and System Sciences"}
@STRING{JLC = "Journal of Logic and Computation"}
@STRING{JLP = "The Journal of Logic Programming"}
@STRING{JSC = "Journal of Symbolic Computation"}
@STRING{LICS = "Annual IEEE Symposium on Logic in Computer Science"}
@STRING{LNAI = "Lecture Notes in Artificial Intelligence"}
@STRING{LNCS = "Lecture Notes in Computer Science"}
@STRING{MN   = "Mathematische Nachrichten"}
@STRING{MSCS  = "Mathematical Structures in Computer Science"}
@STRING{MST  = "Mathematical Systems Theory"}
@STRING{PLILP = "Programming Language Implementation and Logic Programming"}
@STRING{POPL = "Symposium on Principles of Programming Languages"}
@STRING{RAIRO  = "RAIRO Theoretical Informatics and Applications"}
@STRING{RTA  = "Rewriting Techniques and Applications"}
@STRING{SIAM = "SIAM Journal on Computing"}
@STRING{TCS  = "Theoretical Computer Science"}
@STRING{TOPLAS  = "ACM Transactions on Programming Languages and Systems"}
