@article{manning2008york,
  title={The {York} abstract machine},
  author={Manning, Greg and Plump, Detlef},
  journal={Electronic Notes in Theoretical Computer Science},
  volume={211},
  pages={231--240},
  year={2008},
  publisher={Elsevier}
}
@incollection{plump2009graph,
  title={The graph programming language {GP}},
  author={Plump, Detlef},
  booktitle={Algebraic Informatics},
  pages={99--122},
  year={2009},
  publisher={Springer}
}
@inproceedings{plump2012design,
  title={The design of {GP} 2},
  author={Plump, Detlef},
  booktitle={{Proc. International Workshop on Reduction Strategies in Rewriting and Programming (WRS 2011)}},
  pages={1--16},
  year={2012}
}
